@incollection{konolige2006centibots,
  title={Centibots: Very large scale distributed robotic teams},
  author={Konolige, Kurt and Fox, Dieter and Ortiz, Charlie and Agno, Andrew and Eriksen, Michael and Limketkai, Benson and Ko, Jonathan and Morisset, Benoit and Schulz, Dirk and Stewart, Benjamin and others},
  booktitle={Experimental Robotics IX},
  pages={131--140},
  year={2006},
  publisher={Springer}
}

@article{wurman2008coordinating,
	title={Coordinating hundreds of cooperative, autonomous vehicles in warehouses},
	author={Wurman, Peter R and D'Andrea, Raffaello and Mountz, Mick},
	journal={AI magazine},
	volume={29},
	number={1},
	pages={9},
	year={2008}
}

@article{fox2006distributed,
	title={Distributed multirobot exploration and mapping},
	author={Fox, Dieter and Ko, Jonathan and Konolige, Kurt and Limketkai, Benson and Schulz, Dirk and Stewart, Benjamin},
	journal={Proceedings of the IEEE},
	volume={94},
	number={7},
	pages={1325--1339},
	year={2006},
	publisher={IEEE}
}

@article{silver2005cooperative,
	title={Cooperative Pathfinding.},
	author={Silver, David},
	journal={AIIDE},
	volume={1},
	pages={117--122},
	year={2005}
}

@article{boysen2017parts,
	title={Parts-to-picker based order processing in a rack-moving mobile robots environment},
	author={Boysen, Nils and Briskorn, Dirk and Emde, Simon},
	journal={European Journal of Operational Research},
	year={2017},
	publisher={Elsevier}
}

@article{guizzo2008three,
	title={Three engineers, hundreds of robots, one warehouse},
	author={Guizzo, Eric},
	journal={IEEE spectrum},
	volume={45},
	number={7},
	pages={26--34},
	year={2008},
	publisher={IEEE}
}

@inproceedings{wilt2014spatially,
	title={Spatially Distributed Multiagent Path Planning.},
	author={Wilt, Christopher Makoto and Botea, Adi},
	booktitle={ICAPS},
	year={2014}
}

@inproceedings{boca2016ultra,
	title={Ultra-flexible production systems for automated factories},
	author={Boca, Remus and Fuhlbrigge, Thomas and Staab, Harald and Zhang, George and Choi, Sang and Martinez, Carlos and Eakins, William and Rossano, Gregory and Nidamarthi, Srinivas},
	booktitle={Automation Science and Engineering (CASE), 2016 IEEE International Conference on},
	pages={614--619},
	year={2016},
	organization={IEEE}
}

@online{kivayoutube2010quietlogistics,
	title = {Kiva Systems Warehouse Automation at Quiet Logistics},
	author = {Al Dekin, Amy Villeneuve},
	year={2014},
	organization = {Youtube},
	url = {https://youtu.be/3UxZDJ1HiPE?t=2m2s},
}

@online{introduction2015autostore,
	title = {AutoStore introduction},
	author = {AutoStore},
	year={2015},
	organization = {AutoStore},
	url = {http://autostoresystem.com/thesystem},
}


@inproceedings{cohen2016bounded,
	title={Bounded Suboptimal Multi-Agent Path Finding Using Highwaysâ‡¤},
	author={Cohen, Liron and Koenig, Sven},
	booktitle={Proceedings of the Twenty-Fifth International Joint Conference on Artificial Intelligence},
	pages={3978--3979},
	year={2016},
	organization={AAAI Press}
}

@inproceedings{ma2016optimal,
	title={Optimal target assignment and path finding for teams of agents},
	author={Ma, Hang and Koenig, Sven},
	booktitle={Proceedings of the 2016 International Conference on Autonomous Agents \& Multiagent Systems},
	pages={1144--1152},
	year={2016},
	organization={International Foundation for Autonomous Agents and Multiagent Systems}
}

@article{de2007design,
	title={Design and control of warehouse order picking: A literature review},
	author={De Koster, Ren{\'e} and Le-Duc, Tho and Roodbergen, Kees Jan},
	journal={European Journal of Operational Research},
	volume={182},
	number={2},
	pages={481--501},
	year={2007},
	publisher={Elsevier}
}

@article{gu2007research,
	title={Research on warehouse operation: A comprehensive review},
	author={Gu, Jinxiang and Goetschalckx, Marc and McGinnis, Leon F},
	journal={European journal of operational research},
	volume={177},
	number={1},
	pages={1--21},
	year={2007},
	publisher={Elsevier}
}

@article{gu2010research,
	title={Research on warehouse design and performance evaluation: A comprehensive review},
	author={Gu, Jinxiang and Goetschalckx, Marc and McGinnis, Leon F},
	journal={European Journal of Operational Research},
	volume={203},
	number={3},
	pages={539--549},
	year={2010},
	publisher={Elsevier}
}

@article{strasser2015compressing,
	title={Compressing optimal paths with run length encoding},
	author={Strasser, Ben and Botea, Adi and Harabor, Daniel},
	journal={Journal of Artificial Intelligence Research},
	volume={54},
	pages={593--629},
	year={2015}
}

@inproceedings{yu2013structure,
	title={Structure and Intractability of Optimal Multi-Robot Path Planning on Graphs.},
	author={Yu, Jingjin and LaValle, Steven M},
	booktitle={AAAI},
	year={2013}
}

@article{bennewitz2002finding,
	title={Finding and optimizing solvable priority schemes for decoupled path planning techniques for teams of mobile robots},
	author={Bennewitz, Maren and Burgard, Wolfram and Thrun, Sebastian},
	journal={Robotics and autonomous systems},
	volume={41},
	number={2},
	pages={89--99},
	year={2002},
	publisher={Elsevier}
}

@article{wang2009bridging,
	title={Bridging the gap between centralised and decentralised multi-agent pathfinding},
	author={Wang, Ko-Hsin Cindy and others},
	journal={Proceedings of the 14th Annual AAAI/SIGART Doctoral Consortium (AAAI-DC 2009)},
	pages={23--24},
	year={2009}
}

@article{wang2011mapp,
	title={MAPP: a scalable multi-agent path planning algorithm with tractability and completeness guarantees},
	author={Wang, Ko-Hsin Cindy and Botea, Adi},
	journal={Journal of Artificial Intelligence Research},
	volume={42},
	pages={55--90},
	year={2011}
}

@inproceedings{wang2008fast,
	title={Fast and Memory-Efficient Multi-Agent Pathfinding.},
	author={Wang, Ko-Hsin Cindy and Botea, Adi and others},
	booktitle={ICAPS},
	pages={380--387},
	year={2008}
}

@article{renukamurthy2016improving,
	title={Improving Spatially Distributed Multiagent Pathfinding Using Cooperative JPS},
	author={Renukamurthy, Sanjay},
	year={2016},
	publisher={University of Windsor}
}

@article{planes2009path,
	title={Path finding approaches and metabolic pathways},
	author={Planes, Francisco J and Beasley, John E},
	journal={Discrete Applied Mathematics},
	volume={157},
	number={10},
	pages={2244--2256},
	year={2009},
	publisher={Elsevier}
}

@article{ahuja1993network,
	title={Network flows: theory, algorithms, and applications},
	author={Ahuja, Ravindra K and Magnanti, Thomas L and Orlin, James B},
	year={1993},
	publisher={Prentice hall}
}

@inproceedings{schouwenaars2001mixed,
	title={Mixed integer programming for multi-vehicle path planning},
	author={Schouwenaars, Tom and De Moor, Bart and Feron, Eric and How, Jonathan},
	booktitle={Control Conference (ECC), 2001 European},
	pages={2603--2608},
	year={2001},
	organization={IEEE}
}

@inproceedings{richards2002aircraft,
	title={Aircraft trajectory planning with collision avoidance using mixed integer linear programming},
	author={Richards, Arthur and How, Jonathan P},
	booktitle={American Control Conference, 2002. Proceedings of the 2002},
	volume={3},
	pages={1936--1941},
	year={2002},
	organization={IEEE}
}

@inproceedings{surynek2016efficient,
	title={Efficient SAT Approach to Multi-Agent Path Finding under the Sum of Costs Objective},
	author={Surynek, Pavel and Felner, Ariel and Stern, Roni and Boyarski, Eli},
	booktitle={Proceedings of 22nd European Conference on Artificial Intelligence (ECAI 2016)},
	pages={810--818},
	year={2016}
}

@inproceedings{honig2016multi,
	title={Multi-Agent Path Finding with Kinematic Constraints.},
	author={H{\"o}nig, Wolfgang and Kumar, TK Satish and Cohen, Liron and Ma, Hang and Xu, Hong and Ayanian, Nora and Koenig, Sven},
	booktitle={ICAPS},
	pages={477--485},
	year={2016}
}

@article{yu2015optimal,
	title={Optimal multi-robot path planning on graphs: Structure and computational complexity},
	author={Yu, Jingjin and LaValle, Steven M},
	journal={arXiv preprint arXiv:1507.03289},
	year={2015}
}

@inproceedings{sharon2011increasing,
	title={The increasing cost tree search for optimal multi-agent pathfinding},
	author={Sharon, Guni and Stern, Roni and Goldenberg, Meir and Felner, Ariel},
	booktitle={Twenty-Second International Joint Conference on Artificial Intelligence},
	year={2011}
}

@article{sharon2015conflict,
	title={Conflict-based search for optimal multi-agent pathfinding},
	author={Sharon, Guni and Stern, Roni and Felner, Ariel and Sturtevant, Nathan R},
	journal={Artificial Intelligence},
	volume={219},
	pages={40--66},
	year={2015},
	publisher={Elsevier}
}

@article{correll2016lessons,
	title={Lessons from the amazon picking challenge},
	author={Correll, Nikolaus and Bekris, Kostas E and Berenson, Dmitry and Brock, Oliver and Causo, Albert and Hauser, Kris and Okada, Kei and Rodriguez, Alberto and Romano, Joseph M and Wurman, Peter R},
	journal={arXiv preprint arXiv:1601.05484},
	year={2016}
}

@incollection{delling2009engineering,
	title={Engineering route planning algorithms},
	author={Delling, Daniel and Sanders, Peter and Schultes, Dominik and Wagner, Dorothea},
	booktitle={Algorithmics of large and complex networks},
	pages={117--139},
	year={2009},
	publisher={Springer}
}

@article{ma2017overview,
	title={Overview: Generalizations of multi-agent path finding to real-world scenarios},
	author={Ma, Hang and Koenig, Sven and Ayanian, Nora and Cohen, Liron and H{\"o}nig, Wolfgang and Kumar, TK and Uras, Tansel and Xu, Hong and Tovey, Craig and Sharon, Guni},
	journal={arXiv preprint arXiv:1702.05515},
	year={2017}
}

@inproceedings{sturtevant2015grid,
	title={The grid-based path planning competition: 2014 entries and results},
	author={Sturtevant, Nathan R and Traish, Jason and Tulip, James and Uras, Tansel and Koenig, Sven and Strasser, Ben and Botea, Adi and Harabor, Daniel and Rabin, Steve},
	booktitle={Eighth Annual Symposium on Combinatorial Search},
	year={2015}
}

@article{sturtevant2012benchmarks,
	title={Benchmarks for grid-based pathfinding},
	author={Sturtevant, Nathan R},
	journal={IEEE Transactions on Computational Intelligence and AI in Games},
	volume={4},
	number={2},
	pages={144--148},
	year={2012},
	publisher={IEEE}
}

@article{wilde2014push,
	title={Push and rotate: a complete multi-agent pathfinding algorithm},
	author={Wilde, B de and Ter Mors, Adriaan W and Witteveen, Cees},
	journal={Journal of Artificial Intelligence Research},
	volume={51},
	pages={443--492},
	year={2014}
}

@inproceedings{krontiris2013feasibility,
	title={From feasibility tests to path planners for multi-agent pathfinding},
	author={Krontiris, Athanasios and Luna, Ryan and Bekris, Kostas E},
	booktitle={Sixth Annual Symposium on Combinatorial Search},
	year={2013}
}

@inproceedings{holte1995hierarchical,
	title={Hierarchical A*},
	author={Holte, Robert C and Perez, MB and Zimmer, RM and MacDonald, AJ},
	booktitle={Symposium on Abstraction, Reformulation, and Approximation},
	year={1995}
}

@inproceedings{botea2013pathfinding,
	title={Pathfinding in games},
	author={Botea, Adi and Bouzy, Bruno and Buro, Michael and Bauckhage, Christian and Nau, Dana},
	booktitle={Dagstuhl Follow-Ups},
	volume={6},
	year={2013},
	organization={Schloss Dagstuhl-Leibniz-Zentrum fuer Informatik}
}

@inproceedings{standley2010finding,
	title={Finding Optimal Solutions to Cooperative Pathfinding Problems.},
	author={Standley, Trevor Scott},
	booktitle={AAAI},
	volume={1},
	pages={28--29},
	year={2010}
}

@inproceedings{cohen2016improved,
	title={Improved solvers for bounded-suboptimal multiagent path finding},
	author={Cohen, Liron and Uras, Tansel and Kumar, TK Satish and Xu, Hong and Ayanian, Nora and Koenig, Sven},
	booktitle={International Joint Conference on Artificial Intelligence},
	pages={3067--3074},
	year={2016}
}

@inproceedings{barer2014suboptimal,
	title={Suboptimal variants of the conflict-based search algorithm for the multi-agent pathfinding problem},
	author={Barer, Max and Sharon, Guni and Stern, Roni and Felner, Ariel},
	booktitle={Seventh Annual Symposium on Combinatorial Search},
	year={2014}
}

@inproceedings{felner2012partial,
	title={Partial-Expansion A* with Selective Node Generation.},
	author={Felner, Ariel and Goldenberg, Meir and Sharon, Guni and Stern, Roni and Beja, Tal and Sturtevant, Nathan R and Schaeffer, Jonathan and Holte, Robert},
	booktitle={AAAI},
	year={2012}
}

@article{goldenberg2014enhanced,
	title={Enhanced Partial Expansion A.},
	author={Goldenberg, Meir and Felner, Ariel and Stern, Roni and Sharon, Guni and Sturtevant, Nathan R and Holte, Robert C and Schaeffer, Jonathan},
	journal={J. Artif. Intell. Res.(JAIR)},
	volume={50},
	pages={141--187},
	year={2014}
}

@inproceedings{yoshizumi2000partial,
	title={A* with Partial Expansion for Large Branching Factor Problems.},
	author={Yoshizumi, Takayuki and Miura, Teruhisa and Ishida, Toru},
	booktitle={AAAI/IAAI},
	pages={923--929},
	year={2000}
}

@inproceedings{ferner2013odrm,
	title={ODrM* optimal multirobot path planning in low dimensional search spaces},
	author={Ferner, Cornelia and Wagner, Glenn and Choset, Howie},
	booktitle={Robotics and Automation (ICRA), 2013 IEEE International Conference on},
	pages={3854--3859},
	year={2013},
	organization={IEEE}
}

@incollection{yu2013multi,
	title={Multi-agent path planning and network flow},
	author={Yu, Jingjin and LaValle, Steven M},
	booktitle={Algorithmic Foundations of Robotics X},
	pages={157--173},
	year={2013},
	publisher={Springer}
}

@article{yu2016optimal,
	title={Optimal Multirobot Path Planning on Graphs: Complete Algorithms and Effective Heuristics},
	author={Yu, Jingjin and LaValle, Steven M},
	journal={IEEE Transactions on Robotics},
	volume={32},
	number={5},
	pages={1163--1177},
	year={2016},
	publisher={IEEE}
}