@incollection{konolige2006centibots,
  title={Centibots: Very large scale distributed robotic teams},
  author={Konolige, Kurt and Fox, Dieter and Ortiz, Charlie and Agno, Andrew and Eriksen, Michael and Limketkai, Benson and Ko, Jonathan and Morisset, Benoit and Schulz, Dirk and Stewart, Benjamin and others},
  booktitle={Experimental Robotics IX},
  pages={131--140},
  year={2006},
  publisher={Springer}
}

@article{Rubenstein2014,
	author = {Rubenstein, Michael and Cornejo, Alejandro and Nagpal, Radhika},
	journal = {Science},
	number = {6198},
	title = {{Programmable self-assembly in a thousand-robot swarm}},
	url = {http://science.sciencemag.org/content/345/6198/795},
	volume = {345},
	year = {2014}
}

@article{wurman2008coordinating,
	title={Coordinating hundreds of cooperative, autonomous vehicles in warehouses},
	author={Wurman, Peter R and D'Andrea, Raffaello and Mountz, Mick},
	journal={AI magazine},
	volume={29},
	number={1},
	pages={9},
	year={2008}
}

@article{fox2006distributed,
	title={Distributed multirobot exploration and mapping},
	author={Fox, Dieter and Ko, Jonathan and Konolige, Kurt and Limketkai, Benson and Schulz, Dirk and Stewart, Benjamin},
	journal={Proceedings of the IEEE},
	volume={94},
	number={7},
	pages={1325--1339},
	year={2006},
	publisher={IEEE}
}